@article{nunez2016enfoque,
  title={Un Enfoque MDD para el desarrollo de RIA},
  author={NU{\~N}EZ, Guido and GONZ{\'A}LEZ, Magal{\'\i} and CERNUZZI, D Sc Luca},
  year={2016}
}

@article{canos2003metodologias,
  title={Metodolog{\'\i}as {\'a}giles en el desarrollo de software},
  author={Can{\'o}s, Jos{\'e} H and Letelier, Patricio and Penad{\'e}s, M{\textordfeminine} Carmen},
  journal={Metodolog{\'\i}as {\'A}giles en el Desarrollo de Software},
  volume={1},
  number={10},
  pages={1--8},
  year={2003}
}

@article{pons2010desarrollo,
  title={Desarrollo de software dirigido por modelos},
  author={Pons, Claudia and Giandini, Roxana Silvia and P{\'e}rez, Gabriela},
  year={2010},
  publisher={Editorial de la Universidad Nacional de La Plata (EDULP)/McGraw-Hill Educaci{\'o}n}
}

@article{marin2010desarrollo,
  title={Desarrollo de un lenguaje de dominio espec{\'\i}fico para sistemas de gesti{\'o}n de aprendizaje y su herramienta de implementaci{\'o}n “KiwiDSM” mediante ingenier{\'\i}a dirigida por modelos},
  author={Mar{\'\i}n, Carlos Enrique Montenegro and Lovelle, Juan Manuel Cueva and Mart{\'\i}nez, Oscar Sanju{\'a}n and Garcia, Paulo Alonso Gaona},
  journal={Ingenier{\'\i}a},
  volume={15},
  number={2},
  year={2010}
}

@misc{lucassen2006mvc,
  title={MVC (model-view-controller) based multi-modal authoring tool and development environment},
  author={Lucassen, John M and Maes, Stephane H},
  year={2006},
  month=feb # "~7",
  publisher={Google Patents},
  note={US Patent 6,996,800}
}

@inproceedings{leff2001web,
  title={Web-application development using the model/view/controller design pattern},
  author={Leff, Avraham and Rayfield, James T},
  booktitle={Enterprise Distributed Object Computing Conference, 2001. EDOC'01. Proceedings. Fifth IEEE International},
  pages={118--127},
  year={2001},
  organization={IEEE}
}

@book{kelly2008domain,
  title={Domain-specific modeling: enabling full code generation},
  author={Kelly, Steven and Tolvanen, Juha-Pekka},
  year={2008},
  publisher={John Wiley \& Sons}
}